<?xml version="1.0" encoding="UTF-8"?><collection><record><leader>05913ntm a2200529 a 4500</leader><controlfield tag="001">005983146</controlfield><controlfield tag="003">MiAaHDL</controlfield><controlfield tag="005">20190719000000.0</controlfield><controlfield tag="006">m        d        </controlfield><controlfield tag="007">cr bn ---auaua</controlfield><controlfield tag="008">090402q18151816xx            00| ||ara d</controlfield><datafield tag="035" ind1=" " ind2=" "><subfield code="a">(MiU)005983146</subfield></datafield><datafield tag="035" ind1=" " ind2=" "><subfield code="a">sdr-miu005983146</subfield></datafield><datafield tag="040" ind1=" " ind2=" "><subfield code="a">MiU</subfield><subfield code="c">MiU</subfield><subfield code="e">amremm</subfield></datafield><datafield tag="043" ind1=" " ind2=" "><subfield code="a">n-us-mi</subfield></datafield><datafield tag="100" ind1="0" ind2=" "><subfield code="6">880-01</subfield><subfield code="a">ʻIyāḍ ibn Mūsá,</subfield><subfield code="d">1083-1149.</subfield></datafield><datafield tag="240" ind1="1" ind2="0"><subfield code="6">880-02</subfield><subfield code="a">Shifāʼ bi-taʻrīf ḥuqūq al-Muṣṭafá</subfield></datafield><datafield tag="245" ind1="1" ind2="3"><subfield code="6">880-03</subfield><subfield code="a">al-Shifāʼ al-sharīf,</subfield><subfield code="f">[1231, i.e. 1815 or 1816].</subfield></datafield><datafield tag="246" ind1="3" ind2=" "><subfield code="i">Edge title:</subfield><subfield code="a">شفاء</subfield></datafield><datafield tag="260" ind1=" " ind2=" "><subfield code="c">[1816 or 1816].</subfield></datafield><datafield tag="300" ind1=" " ind2=" "><subfield code="a">240 leaves :</subfield><subfield code="b">paper ;</subfield><subfield code="c">222 x 155 (150 x 85) mm. bound to 223 x 155-165 mm.</subfield></datafield><datafield tag="500" ind1=" " ind2=" "><subfield code="a">Shelfmark: Ann Arbor, University of Michigan, Special Collections Library, Isl. Ms. 24</subfield></datafield><datafield tag="500" ind1=" " ind2=" "><subfield code="a">Origin: As appears in colophon on fol.240b (p.480) transcription finished 1231 H [1815 or 1816 M]. No other details on copyist or place of transcription provided.</subfield></datafield><datafield tag="500" ind1=" " ind2=" "><subfield code="a">Former shelfmark: British Museum, London "No. 11. Al-Shifa al-sharif."</subfield></datafield><datafield tag="500" ind1=" " ind2=" "><subfield code="a">Binding: Pasteboards covered in dark red leather ; Type II binding (with flap) ; pastedowns and flyleaves in a blue-green tinted laid paper ; upper and lower covers bear large stamped and gold-painted scalloped mandorla with vegetal composition (compare Déroche class. OAi 6) and pendants ; sewn in rose-colored (pink) and yellow thread, two stations ; in fair condition with significant staining, some abrasion, repairs in a variety of red and black leathers, lifting and detaching of leather (especially edges/turn-ins), paper label affixed to lower cover, some spine slant (cocked), etc.</subfield></datafield><datafield tag="500" ind1=" " ind2=" "><subfield code="a">Support: European laid paper with 13 laid lines per cm. (vertical) and chain lines spaced 31 mm. apart (horizontal) ; crisp and only lightly burnished ; watermarks include lion rampant in shield or scrollwork and "C E W" ; moisture damage, staining and smudging ; front flyleaf has partially adhered to upper board.</subfield></datafield><datafield tag="500" ind1=" " ind2=" "><subfield code="a">Decoration: Fine illuminated headpiece (ʻunwān) on fol.1b (p.1) consisting of rectangular piece surmounted by semi-circular (dome) piece ; rectangular piece carries empty cartouche defined by flanking floral vegetal accents in blue and pink on fields of gold ; scalloped semi-circular piece is filled with floral vegetal pattern in blue, pink and gold on field of gold, outlined in red and blue, and surmounted by vertical stalks (tīgh) in blue with red and gold accents ; headpiece is set in a well of pink, red and gold bands ; written area of incipit and facing page bordered in frame consisting of a heavy gold band with narrower gold bands setting off text ; elsewhere written area (and margin) surrounded by red rule-border ; occasional textual dividers in the form of gold discs ; text rubricated with section headings, keywords, overlining, etc. in red.</subfield></datafield><datafield tag="500" ind1=" " ind2=" "><subfield code="a">Script: Naskh ; elegant Ottoman Turkish hand ; partially seriffed with right-sloping head serifs appearing regularly on lām ; effect of slight tilt to the left ; closed and open counters ; pointing in distinct dots ; free assimilation of certain letters including rāʼ with following letter, final hāʼ with preceding rāʼ or dāl, etc. ; partially vocalized.</subfield></datafield><datafield tag="500" ind1=" " ind2=" "><subfield code="a">Layout: Written in 21 lines per page ; frame-ruled.</subfield></datafield><datafield tag="500" ind1=" " ind2=" "><subfield code="a">Collation: i, 24 V(240), ii ; chiefly quinions ; catchwords present ; pagination in pencil, Western numerals, supplied during digitization (includes back flyleaves).</subfield></datafield><datafield tag="500" ind1=" " ind2=" "><subfield code="a">Colophon: "Scribal," semi-triangular, reads: "تمت الكتاب الشفاء الشريف سنة احدى وثلاثين ومائتين والف"</subfield></datafield><datafield tag="500" ind1=" " ind2=" "><subfield code="a">Explicit: "فهو الجواد الذي لا يخيب من امله ولا ينتصر من خذله ولا يرد دعوة القاصدين ولا يصلح عمل المفسدين وهو حسبنا ونعم الوكيل"</subfield></datafield><datafield tag="500" ind1=" " ind2=" "><subfield code="a">Incipit: "رب يسر ولا تعسر رب تمم بالخير قال الفقيه القاضي الامام ابو الفضل عياض بن موسى بن عياض اليحصبي رضي الله عنه الحمد لله المتفرد باسمه الاسمى المختص بالملك الاعز الاحمى الذي ليس دونه منتهى ولا وراءه مرمى ... اما بعد اشرق الله قلبي وقلبك بانوار اليقين ولطف لي ولك بما لطف به لاوليائه المتقين ..."</subfield></datafield><datafield tag="500" ind1=" " ind2=" "><subfield code="a">Title from colophon on fol.240b (p.480).</subfield></datafield><datafield tag="500" ind1=" " ind2=" "><subfield code="a">Ms. codex.</subfield></datafield><datafield tag="520" ind1="8" ind2=" "><subfield code="a">Fine copy of the treatise on devotional obligations towards the Prophet.</subfield></datafield><datafield tag="538" ind1=" " ind2=" "><subfield code="a">Mode of access: Internet.</subfield></datafield><datafield tag="541" ind1=" " ind2=" "><subfield code="c">Purchase ;</subfield><subfield code="a">Acquired by purchase along with Abdul Hamid Collection (funds donated by Horace Rackham).</subfield><subfield code="d">1924.</subfield></datafield><datafield tag="546" ind1=" " ind2=" "><subfield code="a">Arabic.</subfield></datafield><datafield tag="561" ind1=" " ind2=" "><subfield code="a">Bookplate of British Museum, London on lower cover,"British Museum, London. No. 11. Al-Shifa al-sharif." ; circular seal impression with figure of goat/gazelle in purple ink as well as inscription "259" in Western numerals on fol.1a (p.1) ; also on fol.1a (p.1) faint circular waqf-seal impression in blue ink (and on fol.240b/p.480) "وقف هذا الكتاب المرحوم المغفور الحاج عزت باشا [؟]"; owners' or sellers' mark on back flyleaf (p.482) "جز ۲٤" ; occasional marginal corrections.</subfield></datafield><datafield tag="600" ind1="0" ind2="0"><subfield code="a">Muḥammad,</subfield><subfield code="c">Prophet,</subfield><subfield code="d">-632</subfield><subfield code="v">Prayers and devotions</subfield><subfield code="v">Early works to 1800.</subfield></datafield><datafield tag="600" ind1="0" ind2="0"><subfield code="a">Muḥammad,</subfield><subfield code="c">Prophet,</subfield><subfield code="d">-632</subfield><subfield code="v">Biography</subfield><subfield code="v">Early works to 1800.</subfield></datafield><datafield tag="650" ind1=" " ind2="0"><subfield code="a">Manuscripts, Arabic</subfield><subfield code="z">Michigan</subfield><subfield code="z">Ann Arbor.</subfield></datafield><datafield tag="655" ind1=" " ind2="7"><subfield code="a">Headpieces (layout features)</subfield><subfield code="y">19th century.</subfield><subfield code="2">aat</subfield></datafield><datafield tag="773" ind1="0" ind2=" "><subfield code="a">Tiflis Collection.</subfield></datafield><datafield tag="880" ind1="1" ind2="2"><subfield code="6">245-03/</subfield><subfield code="a">الشفاء الشريف,</subfield><subfield code="f">[1231ه, 1815 أو 1816م].</subfield></datafield><datafield tag="880" ind1="1" ind2="0"><subfield code="6">240-02/</subfield><subfield code="a">شفاء بتعريف حقوق المصطفى</subfield></datafield><datafield tag="880" ind1="0" ind2=" "><subfield code="6">100-01/</subfield><subfield code="a">عياض بن موسى</subfield></datafield><datafield tag="CID" ind1=" " ind2=" "><subfield code="a">005983146</subfield></datafield><datafield tag="DAT" ind1="0" ind2=" "><subfield code="a">20190719102633.0</subfield><subfield code="b">20190719000000.0</subfield></datafield><datafield tag="DAT" ind1="1" ind2=" "><subfield code="a">20190719090653.0</subfield><subfield code="b">2019-07-19T16:11:12Z</subfield></datafield><datafield tag="DAT" ind1="2" ind2=" "><subfield code="a">2015-10-10T18:00:06Z</subfield></datafield><datafield tag="CAT" ind1=" " ind2=" "><subfield code="a">SDR-MIU</subfield><subfield code="d">EX LIBRIS - ALEPH</subfield><subfield code="l">prepare.pl-004-008</subfield></datafield><datafield tag="FMT" ind1=" " ind2=" "><subfield code="a">BK</subfield></datafield><datafield tag="HOL" ind1=" " ind2=" "><subfield code="0">sdr-miu005983146</subfield><subfield code="a">MiU</subfield><subfield code="b">SDR</subfield><subfield code="c">MIU</subfield><subfield code="p">mdp.39015079105469</subfield><subfield code="s">MIU</subfield><subfield code="1">005983146</subfield></datafield><datafield tag="974" ind1=" " ind2=" "><subfield code="b">MIU</subfield><subfield code="c">MIU</subfield><subfield code="d">20190719</subfield><subfield code="s">lit-dlps-dc</subfield><subfield code="u">mdp.39015079105469</subfield><subfield code="y">1816</subfield><subfield code="r">pd</subfield><subfield code="q">bib</subfield><subfield code="t">non-US bib date2 &lt; 1896</subfield></datafield></record></collection>